@article{levine_2022_global,
	author = {Levine, Stephanie M. and Marciniuk, Darcy D.},
	month = {01},
	title = {Global Impact of Respiratory Disease – What Can We Do, Together, to Make a Difference?},
	doi = {10.1016/j.chest.2022.01.014},
	volume = {161},
	year = {2022},
	journal = {Chest}
}

@misc{a2020_what,
	month = {11},
	title = {What are infectious diseases?},
	url = {https://www.yourgenome.org/facts/what-are-infectious-diseases/},
	year = {2020},
	organization = {@yourgenome · Science website}
}

@misc{chi_deped_nodate,
	title = {{DepEd} data shows imminent classroom shortage with face-to-face classes},
	url = {https://qa.philstar.com/headlines/2022/07/29/2198838/deped-data-shows-imminent-classroom-shortage-face-face-classes},
	abstract = {After more than two years of school closures, millions of public school students are set to return to classrooms this school year after the Department of Education (DepEd) ordered schools to shift to five-day in-person classes by November 2.},
	urldate = {2024-05-27},
	journal = {Philstar.com},
	author = {Chi, Cristina},
}

@misc{worldhealthorganization_2020_covid19,
	author = {World Health Organization},
	month = {02},
	title = {COVID-19 Public Health Emergency of International Concern (PHEIC) Global research and innovation forum},
	url = {https://www.who.int/publications/m/item/covid-19-public-health-emergency-of-international-concern-(pheic)-global-research-and-innovation-forum},
	year = {2020},
	organization = {www.who.int}
}

@misc{a2011_infectious,
	month = {05},
	title = {Infectious Diseases of the Respiratory System},
	url = {https://healthhearty.com/infectious-diseases-of-respiratory-system},
	year = {2011},
	organization = {Health Hearty}
}

@misc{centerfordiseasecontrolandprevention_2019_prevention,
	author = {Center for Disease Control And prevention},
	title = {Prevention of Transmission of Respiratory Illnesses in Disaster Evacuation Centers|Health and Safety Concerns},
	url = {https://www.cdc.gov/disasters/disease/respiratoryic.html},
	year = {2019},
	organization = {cdc.gov}
}

@article{ciotti_2020_the,
	author = {Ciotti, Marco and Ciccozzi, Massimo and Terrinoni, Alessandro and Jiang, Wen-Can and Wang, Cheng-Bin and Bernardini, Sergio},
	month = {07},
	pages = {365-388},
	title = {The COVID-19 Pandemic},
	doi = {10.1080/10408363.2020.1783198},
	url = {https://www.tandfonline.com/doi/abs/10.1080/10408363.2020.1783198},
	volume = {57},
	year = {2020},
	journal = {Critical Reviews in Clinical Laboratory Sciences}
}



@article{khan_2020_covid19,
	author = {Khan, Mujeeb and Adil, Syed F. and Alkhathlan, Hamad Z. and Tahir, Muhammad N. and Saif, Sadia and Khan, Merajuddin and Khan, Shams T.},
	month = {12},
	title = {COVID-19: A Global Challenge with Old History, Epidemiology and Progress So Far},
	doi = {10.3390/molecules26010039},
	url = {https://www.ncbi.nlm.nih.gov/pmc/articles/PMC7795815/},
	volume = {26},
	year = {2020},
	journal = {Molecules}
}

@book{king_2011_virus,
	author = {King, Andrew MQ and Lefkowitz, Elliot and Adams, Michael J. and Carstens, Eric B.},
	month = {11},
	publisher = {Elsevier},
	title = {Virus Taxonomy: Ninth Report of the International Committee on Taxonomy of Viruses},
	url = {https://books.google.com.ph/books?hl=en&lr=&id=aFYaE9KXEXUC&oi=fnd&pg=PP1&ots=uMnoPz4gSN&sig=YzLfNC0Xv_GckbzIlI67SgezpsU&redir_esc=y#v=onepage&q&f=false},
	urldate = {2024-01-13},
	year = {2011},
	organization = {Google Books}
}

@misc{worldhealthorganizationwho_2020_statement,
	author = {World Health Organization: WHO},
	month = {01},
	publisher = {World Health Organization: WHO},
	title = {Statement on the second meeting of the International Health Regulations (2005) Emergency Committee regarding the outbreak of novel coronavirus (2019-nCoV)},
	url = {https://www.who.int/news-room/detail/30-01-2020-statement-on-the-second-meeting-of-the-international-health-regulations-(2005)-emergency-committee-regarding-the-outbreak-of-novel-coronavirus-(2019-ncov)},
	year = {2020},
	organization = {Who.int}
}

@article{vandoremalen_2020_aerosol,
	author = {van Doremalen, Neeltje and Bushmaker, Trenton and Morris, Dylan H. and Holbrook, Myndi G. and Gamble, Amandine and Williamson, Brandi N. and Tamin, Azaibi and Harcourt, Jennifer L. and Thornburg, Natalie J. and Gerber, Susan I. and Lloyd-Smith, James O. and de Wit, Emmie and Munster, Vincent J.},
	month = {03},
	pages = {1564-1567},
	title = {Aerosol and Surface Stability of SARS-CoV-2 as Compared with SARS-CoV-1},
	doi = {10.1056/nejmc2004973},
	volume = {382},
	year = {2020},
	journal = {New England Journal of Medicine}
}

@misc{worldhealthorganization_2023_who,
	author = {World Health Organization},
	title = {WHO Coronavirus (COVID-19)},
	url = {https://covid19.who.int/},
	year = {2023},
	organization = {World Health Organization}
}

@article{organization_2020_modes,
	author = {Organization, World Health},
	title = {Modes of transmission of virus causing COVID-19: implications for IPC precaution recommendations: scientific brief, 29 March 2020},
	url = {https://iris.who.int/handle/10665/331616},
	urldate = {2024-01-13},
	year = {2020},
	journal = {iris.who.int}
}

@article{ye_2021_impact,
	author = {Ye, Qing and Liu, Huihui},
	month = {12},
	pages = {104911},
	title = {Impact of non-pharmaceutical interventions during the COVID-19 pandemic on common childhood respiratory viruses – A epidemiological study based on hospital data},
	doi = {10.1016/j.micinf.2021.104911},
	urldate = {2021-12-10},
	year = {2021},
	journal = {Microbes and Infection}
}

@misc{argosino_2021_covid19,
	author = {Argosino, Faith},
	month = {11},
	title = {COVID-19 response: A timeline of community quarantine, lockdowns, alert levels},
	url = {https://mb.com.ph/2021/11/09/covid-19-response-a-timeline-of-community-quarantine-lockdowns-alert-levels/},
	year = {2021},
	organization = {Manila Bulletin}
}

@misc{a2020_covid19,
	title = {COVID-19 Inter-Agency Task Force for the Management of Emerging Infectious Diseases Resolutions | Department of Health website},
	url = {https://doh.gov.ph/COVID-19/IATF-Resolutions},
	year = {2020},
	organization = {Doh.gov.ph}
}

@article{qian_2020_covid19,
	author = {Qian, Meirui and Jiang, Jianli},
	month = {05},
	pages = {259-261},
	title = {COVID-19 and social distancing},
	doi = {10.1007/s10389-020-01321-z},
	url = {https://www.ncbi.nlm.nih.gov/pmc/articles/PMC7247774/},
	volume = {30},
	year = {2020},
	journal = {Journal of Public Health}
}

@misc{university_2020_modeling,
	author = {University, Stanford},
	month = {03},
	title = {Modeling social distancing’s impact},
	url = {https://news.stanford.edu/2020/03/30/modeling-social-distancings-impact/},
	urldate = {2024-01-13},
	year = {2020},
	organization = {Stanford News}
}
@misc{SIR,
	title = {{SIR modeling}},
	url = {https://people.wku.edu/lily.popova.zhuhadar/},
}
@article{bjrnstad-2020,
	author = {Bjørnstad, Ottar N. and Shea, Katriona and Krzywinski, Martin and Altman, Naomi},
	journal = {Nature methods},
	month = {6},
	number = {6},
	pages = {557--558},
	title = {{The SEIRS model for infectious disease dynamics}},
	volume = {17},
	year = {2020},
	doi = {10.1038/s41592-020-0856-2},
	url = {https://www.nature.com/articles/s41592-020-0856-2},
}
@article{cui_2006_spreading,
	author = {Cui, Jing'an and Takeuchi, Yasuhiro and Saito, Yasuhisa},
	month = {04},
	pages = {376–390},
	title = {Spreading disease with transport-related infection},
	doi = {10.1016/j.jtbi.2005.08.005},
	url = {https://pubmed.ncbi.nlm.nih.gov/16219328/},
	urldate = {2024-01-13},
	volume = {239},
	year = {2006},
	journal = {Journal of Theoretical Biology}
}
@article{kermack-1927,
	author = {Kermack, W. O. and McKendrick, A. G.},
	journal = {Proceedings of the Royal Society of London. Series A, Containing papers of a mathematical and physical character},
	month = {8},
	number = {772},
	pages = {700--721},
	title = {{A contribution to the mathematical theory of epidemics}},
	volume = {115},
	year = {1927},
	doi = {10.1098/rspa.1927.0118},
	url = {https://doi.org/10.1098/rspa.1927.0118},
}

@article{abouismail_2020_compartmental,
	author = {Abou-Ismail, Anas},
	month = {06},
	title = {Compartmental Models of the COVID-19 Pandemic for Physicians and Physician-Scientists},
	doi = {10.1007/s42399-020-00330-z},
	year = {2020},
	journal = {SN Comprehensive Clinical Medicine}
}
@misc{unknown-author-no-date,
	title = {{GAMA | GAMA Platform}},
	url = {https://gama-platform.org/wiki/Home}
}
@article{arduin-2017,
	author = {Arduin, Hélène and De Cellès, Matthieu Domenech and Guillemot, Didier and Watier, Laurence and Opatowski, Lulla},
	journal = {BMC infectious diseases},
	month = {6},
	number = {1},
	title = {{An agent-based model simulation of influenza interactions at the host level: insight into the influenza-related burden of pneumococcal infections}},
	volume = {17},
	year = {2017},
	doi = {10.1186/s12879-017-2464-z},
	url = {https://doi.org/10.1186/s12879-017-2464-z},
}
@unknown{unknown,
	author = {Buhat, Christian Alvin and Lutero, Destiny and Olave, Yancee and Torres, Monica and Rabajante, Jomar},
	year = {2020},
	month = {06},
	pages = {},
	title = {Transmission of Respiratory Infectious Diseases between Neighboring Cities using Agent-based Model and Compartmental Model},
	doi = {10.1101/2020.06.24.20138818}
}
@ARTICLE{abm_covid19,
	
	AUTHOR={Macalinao, Rojhun O. and Malaguit, Jcob C. and Lutero, Destiny S.},   
	
	TITLE={Agent-Based Modeling of COVID-19 Transmission in Philippine Classrooms},      
	
	JOURNAL={Frontiers in Applied Mathematics and Statistics},      
	
	VOLUME={8},           
	
	YEAR={2022},      
	
	URL={https://www.frontiersin.org/articles/10.3389/fams.2022.886082},       
	
	DOI={10.3389/fams.2022.886082},      
	
	ISSN={2297-4687}
}

@article{AHMETOLAN202219,
	title = {A Susceptible–Infectious (SI) model with two infective stages and an endemic equilibrium},
	journal = {Mathematics and Computers in Simulation},
	volume = {194},
	pages = {19-35},
	year = {2022},
	issn = {0378-4754},
	doi = {https://doi.org/10.1016/j.matcom.2021.11.003},
	url = {https://www.sciencedirect.com/science/article/pii/S0378475421003992},
	author = {Semra Ahmetolan and Ayse Humeyra Bilge and Ali Demirci and Ayse Peker Dobie},
	keywords = {Epidemic models, Endemic equilibrium, Extinction, Reproduction number, Infectious Diseases, Stability}
}

@book{alexandre_2021_predictive,
	author = {Alexandre, João and Nauber, Francisco and José Xavier‐Neto and Fong, Simon},
	month = {01},
	title = {Predictive Models for Decision Support in the COVID-19 Crisis},
	doi = {10.1007/978-3-030-61913-8},
	urldate = {2024-01-13},
	year = {2021},
	organization = {SpringerBriefs in applied sciences and technology}
}

@misc{worldhealthorganization_2021_the,
	author = {World Health Organization},
	month = {01},
	title = {The different types of COVID-19 vaccines},
	url = {https://www.who.int/news-room/feature-stories/detail/the-race-for-a-covid-19-vaccine-explained},
	year = {2021},
	organization = {www.who.int}
}

@article{anarbiaguedes_2023_reinfection,
	author = {Ana Rúbia Guedes and Salaroli, Maura and , Bruno and Luna-Muschi, Alessandra and , Carolina and Amanda Cardoso Montal and Elizabeth de Faria and Fernando Liebhart Maia and Dos, Antonio and Mariana Deckers Leme and Francis Mironescu Tomazini and Sílvia Figueiredo Costa and Levin, Anna S},
	month = {01},
	publisher = {Nature Portfolio},
	title = {Reinfection rate in a cohort of healthcare workers over 2 years of the COVID-19 pandemic},
	doi = {10.1038/s41598-022-25908-6},
	urldate = {2023-09-25},
	volume = {13},
	year = {2023},
	journal = {Scientific Reports}
}

@article{alvin_2020_transmission,
	author = {Alvin, Christian and Lutero, Destiny S and Olave Yh and Torres, Monica C and Rabajante, Jomar F},
	month = {06},
	publisher = {Cold Spring Harbor Laboratory},
	title = {Transmission of Respiratory Infectious Diseases between Neighboring Cities using Agent-based Model and Compartmental Model},
	doi = {10.1101/2020.06.24.20138818},
	urldate = {2024-01-13},
	year = {2020},
	journal = {medRxiv (Cold Spring Harbor Laboratory)}
}

@article{buhat_2020_determining,
	author = {Buhat, Christian Alvin and Villanueva, Steven Kyle},
	month = {12},
	pages = {423-438},
	title = {Determining the effectiveness of practicing non-pharmaceutical interventions in improving virus control in a pandemic using agent-based modelling},
	doi = {10.5206/mase/10876},
	urldate = {2021-10-26},
	volume = {1},
	year = {2020},
	journal = {Mathematics in Applied Sciences and Engineering}
}

@article{alvin_2020_modeling,
	author = {Alvin, Christian and Destiny Sm Lutero and Olave, Yancee H and Torres, Monica and Rabajante, Jomar F},
	month = {06},
	title = {Modeling the Transmission of Respiratory Infectious Diseases in Mass Transportation Systems},
	doi = {10.1101/2020.06.09.20126334},
	urldate = {2023-05-21},
	year = {2020},
	journal = {}
}

@misc{a1,
	title = {1. Simple SI Model | GAMA Platform},
	url = {https://gama-platform.org/wiki/IncrementalModel_step1},
	urldate = {2024-01-13},
	organization = {gama-platform.org}
}


@misc{chi_2022_deped,
	author = {Chi, Cristina},
	month = {07},
	title = {DepEd data shows imminent classroom shortage with face-to-face classes},
	url = {https://www.philstar.com/headlines/2022/07/29/2198838/deped-data-shows-imminent-classroom-shortage-face-face-classes},
	year = {2022},
	organization = {Philstar.com}
}

@misc{g_2023_facility,
	author = {G, Herbie},
	month = {11},
	title = {Facility, chair shortage forces some Cordillera schools to continue blended learning},
	url = {https://www.rappler.com/nation/luzon/facility-chair-shortage-forces-cordillera-schools-blended-learning/},
	urldate = {2024-05-06},
	year = {2023},
	organization = {RAPPLER}
}

@article{arduin_2017_an,
	author = {Arduin, Hélène and Domenech de Cellès, Matthieu and Guillemot, Didier and Watier, Laurence and Opatowski, Lulla},
	month = {06},
	title = {An agent-based model simulation of influenza interactions at the host level: insight into the influenza-related burden of pneumococcal infections},
	doi = {10.1186/s12879-017-2464-z},
	urldate = {2022-10-31},
	volume = {17},
	year = {2017},
	journal = {BMC Infectious Diseases}
}
@misc{incremental,
	author = {unknown},
	title = {Incremental Model  GAMA Platform},
	url = {https://gama-platform.org/wiki/IncrementalModel},
	urldate = {2024-01-13},
	organization = {gama-platform.org}
}

@misc{ditsworth_2019_infection,
	author = {Ditsworth, Mark},
	month = {02},
	title = {Infection Modeling — Part 1},
	url = {https://towardsdatascience.com/infection-modeling-part-1-87e74645568a},
	year = {2019},
	organization = {Medium}
}

@misc{runge,
	title = {Runge Kutta RK4 Method | Fourth Order Runge Kutta Method},
	url = {https://byjus.com/maths/runge-kutta-rk4-method/},
	organization = {BYJUS}
}

@misc{explanation,
	title = {Explanation and proof of the 4th order Runge-Kutta method},
	url = {https://math.stackexchange.com/questions/528856/explanation-and-proof-of-the-4th-order-runge-kutta-method},
	organization = {Mathematics Stack Exchange}
}

@misc{cheever_2019_fourth,
	author = {Cheever, Erik},
	title = {Fourth Order Runge-Kutta},
	url = {https://lpsa.swarthmore.edu/NumInt/NumIntFourth.html},
	year = {2019},
	organization = {Swarthmore.edu}
}

@misc{harder_ece,
	author = {Harder, Douglas and Math, M},
	title = {ECE 204 Numerical methods 4 th -order Runge-Kutta method},
	url = {https://ece.uwaterloo.ca/~dwharder/nm/Lecture_materials/pdfs/7.1.1.1.3%204th-order%20Runge-Kutta%20method.pdf},
	urldate = {2024-01-13}
}

@misc{bourne_12,
	author = {Bourne, Murray},
	title = {12. Runge-Kutta (RK4) numerical solution for Differential Equations},
	url = {https://www.intmath.com/differential-equations/12-runge-kutta-rk4-des.php},
	organization = {www.intmath.com}
}

@misc{karami_2021_intro,
	author = {Karami, Bassel},
	month = {12},
	title = {Intro to Agent Based Modeling},
	url = {https://towardsdatascience.com/intro-to-agent-based-modeling-3eea6a070b72},
	year = {2021},
	organization = {Medium}
}

@article{macal_2010_tutorial,
	author = {Macal, C M and North, M J},
	month = {09},
	pages = {151-162},
	title = {Tutorial on agent-based modelling and simulation},
	doi = {10.1057/jos.2010.3},
	url = {https://link.springer.com/article/10.1057%2Fjos.2010.3},
	volume = {4},
	year = {2010},
	journal = {Journal of Simulation}
}

@misc{agentbased,
	title = {Agent-Based Modeling | Columbia Public Health},
	url = {https://www.publichealth.columbia.edu/research/population-health-methods/agent-based-modeling},
	organization = {www.publichealth.columbia.edu}
}

@article{denimazrekaj_2023_the,
	author = {Deni Mazrekaj and Kristof De Witte},
	month = {07},
	title = {The Impact of School Closures on Learning and Mental Health of Children: Lessons From the COVID-19 Pandemic},
	doi = {10.1177/17456916231181108},
	year = {2023},
	journal = {Perspectives on Psychological Science}
}

@article{soriano_2021_main,
	author = {Soriano, Vicente and Ganado-Pinilla, Pilar and Sanchez-Santos, Miguel and Gómez-Gallego, Felix and Barreiro, Pablo and de Mendoza, Carmen and Corral, Octavio},
	month = {04},
	pages = {374-376},
	title = {Main differences between the first and second waves of COVID-19 in Madrid, Spain},
	doi = {10.1016/j.ijid.2021.02.115},
	urldate = {2022-01-22},
	volume = {105},
	year = {2021},
	journal = {International Journal of Infectious Diseases}
}

@misc{jones_2017_school,
	author = {Jones, Nicholas },
	month = {04},
	title = {School Congestion in the Philippines: a Breakthrough Solution},
	url = {https://asiafoundation.org/2017/04/05/school-congestion-philippines-breakthrough-solution/},
	year = {2017},
	organization = {The Asia Foundation}
}

@misc{g_2023_facility,
	author = {G, Herbie},
	month = {11},
	title = {Facility, chair shortage forces some Cordillera schools to continue blended learning},
	url = {https://www.rappler.com/philippines/luzon/facility-chair-shortage-forces-cordillera-schools-blended-learning/},
	urldate = {2024-05-29},
	year = {2023},
	organization = {RAPPLER}
}

@article{castiglione_2009_agent,
	author = {Castiglione, Filippo},
	pages = {197-200},
	title = {Agent Based Modeling and Simulation, Introduction to},
	doi = {10.1007/978-0-387-30440-3_13},
	year = {2009},
	journal = {Encyclopedia of Complexity and Systems Science}
}