% Follow the format below in typing your references.
% Below are the formats for book, article, technical reports
% and other miscellaneous references.

@Article{1,
author = {Jing Helmersson and Joacim Rocklov},
title = {Mathematical Modeling of Dengue - Temperature Effect on Vectorial Capacity},
journal = {Umea University},
year = {2012},
OPTkey = {•},
OPTvolume = {•},
OPTnumber = {•},
OPTpages = {•},
OPTmonth = {•},
OPTnote = {•},
OPTannote = {•}
}

@Article{2,
author = {Puntani Pongsumpun},
title = {Transmission Model for Dengue Disease With and Without the Effect of Extrinsic Incubation Period},
journal = {KMITL Sci. Tech.},
year = {2006},
OPTkey = {•},
OPTvolume = {6},
OPTnumber = {2},
OPTpages = {•},
OPTmonth = {•},
OPTnote = {•},
OPTannote = {•}
}

@Article{3,
author = {San Juan, PR},
title = {Dengue and the Aedes Aegypti Mosquito},
journal = {National Center for Emerging and Zoonotic Infectious Diseases},
year = {2012},
OPTkey = {•},
OPTvolume = {•},
OPTnumber = {•},
OPTpages = {•},
OPTmonth = {•},
OPTnote = {•},
OPTannote = {•}
}

@Article{4,
author = {Puntani Pongsumpun},
title = {Influence of incubation of virus for the transmission of dengue disease},
journal = {International Journal of Mathematical Models and Methods in Applied Sciences},
year = {2007},
OPTkey = {•},
OPTvolume = {•},
OPTnumber = {•},
OPTpages = {•},
OPTmonth = {•},
OPTnote = {•},
OPTannote = {•}
}

@Article{5,
author = {Teri Johnson},
title = {Mathematical Modeling of Diseases: Susceptible-Infected-Recovered (SIR) Model},
year = {2009},
OPTkey = {•},
OPTvolume = {•},
OPTnumber = {•},
OPTpages = {•},
OPTmonth = {•},
OPTnote = {•},
OPTannote = {•}
}

@Article{6,
author = {M.G Roberts, J.A.P Heesterbeek},
title = {Mathematical Models in Epidemiology},
journal = {Encyclopedia of Life Support Systems (EOLSS)},
OPTkey = {•},
OPTvolume = {•},
OPTnumber = {•},
OPTpages = {•},
OPTmonth = {•},
OPTnote = {•},
OPTannote = {•}
}

@Article{7,
author = {Nakul Chitnis},
title = {Einfuhrung in die Mathematische Epidemiologie: Introduction to Mathematical Epidemiology: Deterministic Compartmental Models},
journal = {Universitat Basel, Mathematisches Institut, Swiss Tropical and Public Health Institute},
year = {2011},
OPTkey = {•},
OPTvolume = {•},
OPTnumber = {•},
OPTpages = {•},
OPTmonth = {•},
OPTnote = {•},
OPTannote = {•}
}

@Article{8,
author = {Arvind Ramanathan, Chad A. Steed, Laura L. Pullum},
title = {Verification of Compartmental Epidemiological Models using Metamorphic Testing, Model Checking and Visual Analytics},
OPTkey = {•},
OPTvolume = {•},
OPTnumber = {•},
OPTpages = {•},
OPTmonth = {•},
OPTnote = {•},
OPTannote = {•}
}

@Article{9,
author = {Kresimir Sersic, Igor Urbiha},
title = {Parameter Identification Problem Solving Using Genetic Algorithm},
year = {1999},
OPTkey = {•},
OPTvolume = {•},
OPTnumber = {•},
OPTpages = {•},
OPTmonth = {•},
OPTnote = {•},
OPTannote = {•}
}

@Article{10,
author = {Brian O. Bush, John-Paul Hosom, Alexander Kain, Akiko Amano-Kusumoto},
title = {Using a Genetic Algorithm to Estimate Parameters of a Coarticulation Model},
year = {2000},
OPTkey = {•},
OPTvolume = {•},
OPTnumber = {•},
OPTpages = {•},
OPTmonth = {•},
OPTnote = {•},
OPTannote = {•}
}

@Article{11,
author = {Gareth Jones},
title = {Genetic and Evolutionary Algorithms},
journal = {University of Sheffield, UK},
OPTkey = {•},
OPTvolume = {•},
OPTnumber = {•},
OPTpages = {•},
OPTmonth = {•},
OPTnote = {•},
OPTannote = {•}
}

@Article{12,
author = {Colin Reeves},
title = {Genetic Algorithms},
OPTkey = {•},
OPTvolume = {•},
OPTnumber = {•},
OPTpages = {•},
OPTmonth = {•},
OPTnote = {•},
OPTannote = {•}
}

@Article{13,
author = {Kumara Sastry, David Goldberg, Graham Kendall},
title = {Genetic Algorithms},
OPTkey = {•},
OPTvolume = {•},
OPTnumber = {•},
OPTpages = {•},
OPTmonth = {•},
OPTnote = {•},
OPTannote = {•}
}

@Article{14,
author = {Hartmut Pohlheim},
title = {Evolutionary Algorithms 3 Selection},
journal = {GEATbx: Genetic and Evolutionary Algorithm Toolbox for use with Matlab - www.geatbx.com},
year = {1994-2006},
OPTkey = {•},
OPTvolume = {•},
OPTnumber = {•},
OPTpages = {•},
OPTmonth = {•},
OPTnote = {•},
OPTannote = {•}
}

@Article{15,
author = {Syafruddin Side, Salmi Md Noorani},
title = {A SIR Model for Spread of Dengue Fever Disease (Simulation for South Sulawesi, Indonesia and Selangor, Malaysia},
year = {2012},
OPTkey = {•},
OPTvolume = {•},
OPTnumber = {•},
OPTpages = {•},
OPTmonth = {•},
OPTnote = {•},
OPTannote = {•}
}